
@book{evans_partial_2010,
	title = {Partial differential equations},
	volume = {19},
	publisher = {American Mathematical Soc.},
	author = {Evans, Lawrence C.},
	year = {2010},
	file = {Full Text:/Users/wsy/Zotero/storage/MDPUCJQ5/Evans - 2010 - Partial differential equations.pdf:application/pdf;Snapshot:/Users/wsy/Zotero/storage/JG3KS96E/books.html:text/html},
}

@book{han_elliptic_2011,
	address = {New York, N.Y. : Providence, R.I},
	edition = {2nd edition},
	title = {Elliptic {Partial} {Differential} {Equations}: {Second} {Edition}},
	isbn = {978-0-8218-5313-9},
	shorttitle = {Elliptic {Partial} {Differential} {Equations}},
	language = {English},
	publisher = {American Mathematical Society},
	author = {Han, Qing and Lin, Fanghua},
	month = feb,
	year = {2011},
}
